<?xml version="1.0" encoding="UTF-8"?><collection xmlns="http://www.loc.gov/MARC21/slim"><record><leader>00427nam--2200133-i-4500</leader><controlfield tag="001">000001665</controlfield><controlfield tag="002">20161230</controlfield><controlfield tag="005">20161230201024</controlfield><controlfield tag="008">060222s1000------------r-----000-0-eng-d</controlfield><datafield ind1=" " ind2=" " tag="080"><subfield code="a">547(076).54.07(076)</subfield></datafield><datafield ind1=" " ind2=" " tag="100"><subfield code="a">Gonlish, Gunter., Runge, Klaus., Siewert, Erika</subfield></datafield><datafield ind1=" " ind2=" " tag="245"><subfield code="a">Organische synthesechemie. problemstellungen-losungwege</subfield></datafield><datafield ind1=" " ind2=" " tag="260"><subfield code="a">Leipzig, Veb Deutscher Verlag Fur Grundstoff Industrie, 1972. 328 P</subfield></datafield><datafield ind1=" " ind2=" " tag="852"><subfield code="a">40215</subfield></datafield></record></collection>